@article{sicilia2006evaluating,
  title={Evaluating authoritative sources using social networks: an insight from Wikipedia},
  author={Sicilia, Miguel-Angel and Korfiatis, Nikolaos Th and Poulos, Marios and Bokos, George},
  journal={Online Information Review},
  volume={30},
  number={3},
  pages={252--262},
  year={2006},
  publisher={Emerald Group Publishing Limited}
}

@article{lih2004wikipedia,
  title={Wikipedia as participatory journalism: Reliable sources? metrics for evaluating collaborative media as a news resource},
  author={Lih, Andrew},
  journal={Nature},
  year={2004}
}

@article{yaari2011information,
  title={Information quality assessment of community generated content: A user study of Wikipedia},
  author={Yaari, Eti and Baruchson-Arbib, Shifra and Bar-Ilan, Judit},
  journal={Journal of Information Science},
  pages={0165551511416065},
  year={2011},
  publisher={Sage Publications}
}

@article{yaari2011information,
  title={Information quality assessment of community generated content: A user study of Wikipedia},
  author={Yaari, Eti and Baruchson-Arbib, Shifra and Bar-Ilan, Judit},
  journal={Journal of Information Science},
  pages={0165551511416065},
  year={2011},
  publisher={Sage Publications}
}

@article{rieh2002judgment,
  title={Judgment of information quality and cognitive authority in the Web},
  author={Rieh, Soo Young},
  journal={Journal of the American Society for Information Science and Technology},
  volume={53},
  number={2},
  pages={145--161},
  year={2002},
  publisher={Wiley Online Library}
}

@article{fink2008information,
  title={Information quality assessment on the Web-an expression of behaviour.},
  author={Fink-Shamit, Noa and Bar-Ilan, Judit},
  journal={Information Research},
  volume={13},
  number={4},
  year={2008}
}

@article{hilligoss2008developing,
  title={Developing a unifying framework of credibility assessment: Construct, heuristics, and interaction in context},
  author={Hilligoss, Brian and Rieh, Soo Young},
  journal={Information Processing \& Management},
  volume={44},
  number={4},
  pages={1467--1484},
  year={2008},
  publisher={Elsevier}
}

@article{eysenbach2002consumers,
  title={How do consumers search for and appraise health information on the world wide web? Qualitative study using focus groups, usability tests, and in-depth interviews},
  author={Eysenbach, Gunther and K{\"o}hler, Christian},
  journal={Bmj},
  volume={324},
  number={7337},
  pages={573--577},
  year={2002},
  publisher={British Medical Journal Publishing Group}
}

@article{metzger2010social,
  title={Social and heuristic approaches to credibility evaluation online},
  author={Metzger, Miriam J and Flanagin, Andrew J and Medders, Ryan B},
  journal={Journal of communication},
  volume={60},
  number={3},
  pages={413--439},
  year={2010},
  publisher={Wiley Online Library}
}

@article{rieh2002judgment,
  title={Judgment of information quality and cognitive authority in the Web},
  author={Rieh, Soo Young},
  journal={Journal of the American Society for Information Science and Technology},
  volume={53},
  number={2},
  pages={145--161},
  year={2002},
  publisher={Wiley Online Library}
}

@inproceedings{li2014resolving,
  title={Resolving conflicts in heterogeneous data by truth discovery and source reliability estimation},
  author={Li, Qi and Li, Yaliang and Gao, Jing and Zhao, Bo and Fan, Wei and Han, Jiawei},
  booktitle={Proceedings of the 2014 ACM SIGMOD international conference on Management of data},
  pages={1187--1198},
  year={2014},
  organization={ACM}
}

@inproceedings{Balog:2013:MCA:2491748.2491775,
 author = {Balog, Krisztian and Ramampiaro, Heri and Takhirov, Naimdjon and N{\o}rv{\aa}g, Kjetil},
 title = {Multi-step Classification Approaches to Cumulative Citation Recommendation},
 booktitle = {Proceedings of the 10th Conference on Open Research Areas in Information Retrieval},
 series = {OAIR '13},
 year = {2013},
 isbn = {978-2-905450-09-8},
 location = {Lisbon, Portugal},
 pages = {121--128},
 numpages = {8},
 url = {http://dl.acm.org/citation.cfm?id=2491748.2491775},
 acmid = {2491775},
 publisher = {LE CENTRE DE HAUTES ETUDES INTERNATIONALES D'INFORMATIQUE DOCUMENTAIRE},
 address = {Paris, France, France},
 keywords = {cumulative citation recommendation, information filtering, knowledge base acceleration},
} 

@inproceedings{Balog:2013:CCR:2484028.2484151,
 author = {Balog, Krisztian and Ramampiaro, Heri},
 title = {Cumulative Citation Recommendation: Classification vs. Ranking},
 booktitle = {Proceedings of the 36th International ACM SIGIR Conference on Research and Development in Information Retrieval},
 series = {SIGIR '13},
 year = {2013},
 isbn = {978-1-4503-2034-4},
 location = {Dublin, Ireland},
 pages = {941--944},
 numpages = {4},
 url = {http://doi.acm.org/10.1145/2484028.2484151},
 doi = {10.1145/2484028.2484151},
 acmid = {2484151},
 publisher = {ACM},
 address = {New York, NY, USA},
 keywords = {cumulative citation recommendation, information filtering, knowledge base acceleration},
}